@article{Andersson1983,
  title = {Parton Fragmentation and String Dynamics},
  author = {Andersson, B. and Gustafson, G. and Ingelman, G. and Sj{\"o}strand, T.},
  year = {1983},
  month = jul,
  journal = {Physics Reports},
  volume = {97},
  number = {2-3},
  pages = {31--145},
  issn = {03701573},
  doi = {10.1016/0370-1573(83)90080-7},
  urldate = {2023-03-16},
  langid = {english}
}
